<?xml version="1.0" encoding="UTF-8"?><record xmlns="http://www.loc.gov/MARC21/slim" xmlns:cinclude="http://apache.org/cocoon/include/1.0" xmlns:zs="http://www.loc.gov/zing/srw/">
  <leader>00447nz  a2200133n  4500</leader>
  <controlfield tag="001">no2007009069</controlfield>
  <controlfield tag="003">DLC</controlfield>
  <controlfield tag="005">20070128075100.0</controlfield>
  <controlfield tag="008">070126n| acannaabn          |n aaa     c</controlfield>
  <datafield tag="010" ind1=" " ind2=" ">
    <subfield code="a">no2007009069</subfield>
  </datafield>
  <datafield tag="035" ind1=" " ind2=" ">
    <subfield code="a">(OCoLC)oca07310118</subfield>
  </datafield>
  <datafield tag="040" ind1=" " ind2=" ">
    <subfield code="a">SaPrUSA</subfield>
    <subfield code="b">eng</subfield>
    <subfield code="c">SaPrUSA</subfield>
  </datafield>
  <datafield tag="100" ind1="1" ind2=" ">
    <subfield code="a">Swana, Mthetho Marshall Mncedisi</subfield>
  </datafield>
  <datafield tag="670" ind1=" " ind2=" ">
    <subfield code="a">A comparative study of perceptions concerning the upward mobility of Black managers, 1982:</subfield>
    <subfield code="b">t.p. (Mthetho Marshall Mncedisi Swana)</subfield>
  </datafield>
</record>